@book{mac1998categories,
  title={{Categories for the working mathematician}},
  author={Mac Lane, S.},
  isbn={0387984038},
  year={1998},
  publisher={Springer verlag}
}

@conference{moggi2002computational,
  title={{Computational lambda-calculus and monads}},
  author={Moggi, E.},
  booktitle={Logic in Computer Science, 1989. LICS'89, Proceedings., Fourth Annual Symposium on},
  pages={14--23},
  isbn={0818619546},
  year={2002},
  organization={IEEE}
}

@article{wadler1992comprehending,
  title={{Comprehending monads}},
  author={Wadler, P.},
  journal={Mathematical Structures in Computer Science},
  volume={2},
  number={04},
  pages={461--493},
  issn={0960-1295},
  year={1992},
  publisher={Cambridge Univ Press}
}

@article{luo2008coercions,
  title={{Coercions in a polymorphic type system}},
  author={Luo, Z.},
  journal={Mathematical Structures in Computer Science},
  volume={18},
  number={04},
  pages={729--751},
  issn={0960-1295},
  year={2008},
  publisher={Cambridge Univ Press}
}

@article{tolmach1998optimizing,
  title={{Optimizing ML: Using a Hierarchy of Monadic Types}},
  author={Tolmach, A.},
  journal={Types in Compilation},
  pages={463--463},
  year={1998},
  publisher={Springer}
}

@article{shalgi2008being,
  title={{On Being a Monadic Subject: Coercion, Choice, and the Use of the Object as Creating the Me-Ness Experience}},
  author={Shalgi, B. and Becker, M.},
  journal={The Psychoanalytic Review},
  volume={95},
  number={2},
  pages={201--229},
  issn={0033-2836},
  year={2008},
  publisher={Guilford Publications}
}

@conference{damas1982principal,
  title={{Principal type-schemes for functional programs}},
  author={Damas, L. and Milner, R.},
  booktitle={Proceedings of the 9th ACM SIGPLAN-SIGACT symposium on Principles of programming languages},
  pages={207--212},
  isbn={0897910656},
  year={1982},
  organization={ACM}
}

@article{hindley1969principal,
  title={{The principal type-scheme of an object in combinatory logic}},
  author={Hindley, R.},
  journal={Transactions of the american mathematical society},
  volume={146},
  pages={29--60},
  issn={0002-9947},
  year={1969},
  publisher={American Mathematical Society}
}

@conference{wadler1989theorems,
  title={{Theorems for free!}},
  author={Wadler, P.},
  booktitle={Proceedings of the fourth international conference on Functional programming languages and computer architecture},
  pages={347--359},
  isbn={0897913280},
  year={1989},
  organization={ACM}
}
