@Misc{supercollider,
  OPTkey =       {},
  OPTauthor =    {},
  title =     {{SuperCollider}},
  OPThowpublished = {},
  OPTmonth =     {},
  OPTyear =      {},
  note =      {\url{http://supercollider.sourceforge.net/}},
  OPTannote =    {}
}

@Misc{faust,
  OPTkey =       {},
  OPTauthor =    {},
  title =     {{Faust}},
  OPThowpublished = {},
  OPTmonth =     {},
  OPTyear =      {},
  note =      {\url{http://faust.grame.fr/}},
  OPTannote =    {}
}

@Misc{chuck,
  OPTkey =       {},
  author =    {Ge Wang and Perry Cook},
  title =     {{ChucK}},
  OPThowpublished = {},
  OPTmonth =     {},
  OPTyear =      {},
  note =      {\url{http://chuck.cs.princeton.edu/}},
  OPTannote =    {}
}

@Misc{csound,
  OPTkey =       {},
  OPTauthor =    {},
  title =     {{Csound}},
  OPThowpublished = {},
  OPTmonth =     {},
  OPTyear =      {},
  note =      {\url{http://www.csounds.com/}},
  OPTannote =    {}
}

@Misc{nyquist,
  OPTkey =       {},
  OPTauthor =    {},
  title =     {{Nyquist}},
  OPThowpublished = {},
  OPTmonth =     {},
  OPTyear =      {},
  note =      {\url{http://www.cs.cmu.edu/afs/cs.cmu.edu/project/music/web/music.software.html}},
  OPTannote =    {}
}

@Misc{puredata,
  OPTkey =       {},
  author =    {Miller Puckette},
  title =     {{Pure Data}},
  OPThowpublished = {},
  OPTmonth =     {},
  OPTyear =      {},
  note =      {\url{http://puredata.info/}},
  OPTannote =    {}
}

@Misc{pwgl,
  OPTkey =       {},
  OPTauthor =    {},
  title =     {{PWGL}},
  OPThowpublished = {},
  OPTmonth =     {},
  OPTyear =      {},
  note =      {\url{http://www2.siba.fi/PWGL/}},
  OPTannote =    {}
}

@Misc{reaktor,
  OPTkey =       {},
  author =    {Native Instruments},
  title =     {{Reaktor}},
  OPThowpublished = {},
  OPTmonth =     {},
  OPTyear =      {},
  note =      {\url{http://www.native-instruments.com/#/en/products/producer/reaktor-55/}},
  OPTannote =    {}
}

@Misc{impromptu,
  OPTkey =       {},
  author =    {Andrew Sorensen},
  title =     {{Impromptu}},
  OPThowpublished = {},
  OPTmonth =     {},
  OPTyear =      {},
  note =      {\url{http://impromptu.moso.com.au/}},
  OPTannote =    {}
}

@Misc{nsound,
  OPTkey =       {},
  author =    {Nick Hilton},
  title =     {{Nsound}},
  OPThowpublished = {},
  OPTmonth =     {},
  OPTyear =      {},
  note =      {\url{http://nsound.sourceforge.net/}},
  OPTannote =    {}
}

@Misc{max,
  OPTkey =       {},
  OPTauthor =    {},
  title =     {{Max}},
  OPThowpublished = {},
  OPTmonth =     {},
  OPTyear =      {},
  note =      {\url{http://cycling74.com/products/maxmspjitter/}},
  OPTannote =    {}
}

@Misc{streamit,
  OPTkey =       {},
  OPTauthor =    {},
  title =     {{StreamIt}},
  OPThowpublished = {},
  OPTmonth =     {},
  OPTyear =      {},
  note =      {\url{http://groups.csail.mit.edu/cag/streamit/}},
  OPTannote =    {}
}

@Manual{pd-doc,
  title =        {{Pd Documentation}},
  OPTkey =       {},
  author =    {Miller Puckette},
  organization = {University of California, San Diego},
  OPTaddress =   {},
  OPTedition =   {},
  OPTmonth =     {},
  OPTyear =      {},
  note =      {\url{http://www.crca.ucsd.edu/~msp/Pd_documentation/index.htm}},
  OPTannote =    {}
}

@Unpublished{faure-miquel:cat-par-lambda,
  author =       {Faure, G. and Miquel, A.},
  title =        {{A Categorical Semantics for The Parallel Lambda-Calculus}},
  note =         {\url{http://rho.loria.fr/data/lics07.pdf}},
  OPTkey =       {},
  OPTmonth =     {},
  year =      {2009},
  OPTannote =    {}
}

@PhdThesis{hasegawa:sharing-graphs,
  author =       {Hasegawa, M.},
  title =        {{Models of Sharing Graphs (A Categorical Semantics of Let and Letrec)}},
  school =       {University of Edinburgh},
  year =         {1997},
}

@article{abramsky:traced-compact-closed,
  title={{Abstract scalars, loops, and free traced and strongly compact closed categories}},
  author={Abramsky, S.},
  journal={Algebra and Coalgebra in Computer Science},
  pages={1--29},
  year={2005},
  publisher={Springer}
}

@conference{joyal-street-verity:traced-monoidal-categories,
  title={{Traced monoidal categories}},
  author={Joyal, A. and Street, R. and Verity, D.},
  booktitle={Mathematical Proceedings of the Cambridge Philosophical Society},
  volume={119},
  number={03},
  pages={447--468},
  issn={0305-0041},
  year={1996},
  organization={Cambridge Univ Press}
}

@article{kahn:semantics-parallel,
  title={{The semantics of a simple language for parallel programming}},
  author={Kahn, G.},
  journal={Information processing},
  volume={74},
  pages={471--475},
  year={1974}
}

@article{liu:causality-hybrid,
  title={{On the causality of mixed-signal and hybrid models}},
  author={Liu, J. and Lee, E.},
  journal={Hybrid Systems: Computation and Control},
  pages={328--342},
  year={2003},
  publisher={Springer}
}

@article{hasegawa1997recursion,
  title={{Recursion from cyclic sharing: traced monoidal categories and models of cyclic lambda calculi}},
  author={Hasegawa, M.},
  journal={Typed Lambda Calculi and Applications},
  pages={196--213},
  year={1997},
  publisher={Springer}
}

@conference{elliott1997functional,
  title={{Functional reactive animation}},
  author={Elliott, C. and Hudak, P.},
  booktitle={Proceedings of the second ACM SIGPLAN international conference on Functional programming},
  pages={263--273},
  isbn={0897919181},
  year={1997},
  organization={ACM}
}

@article{katis2002feedback,
  title={{Feedback, trace and fixed-point semantics}},
  author={Katis, P. and Sabadini, N. and Walters, R.F.C.},
  journal={Theoretical Informatics and Applications},
  volume={36},
  number={2},
  pages={181--194},
  issn={0988-3754},
  year={2002},
  publisher={edpsciences. org}
}

@article{katis1999algebra,
  title={{On the algebra of feedback and systems with boundary}},
  author={Katis, P. and Sabadini, N. and Walters, RFC},
  journal={Rendiconti del Seminario Matematico di Palermo},
  year={1999},
  publisher={Citeseer}
}

@article{hildebrandt2004relational,
  title={{A relational model of non-deterministic dataflow}},
  author={Hildebrandt, T.T. and Panangaden, P. and Winskel, G.},
  journal={Mathematical Structures in Computer Science},
  volume={14},
  number={05},
  pages={613--649},
  issn={0960-1295},
  year={2004},
  publisher={Cambridge Univ Press}
}

@article{burroni1993higher,
  title={{Higher-dimensional word problems with applications to equational logic}},
  author={Burroni, A.},
  journal={Theoretical Computer Science},
  volume={115},
  number={1},
  pages={43--62},
  issn={0304-3975},
  year={1993},
  publisher={Elsevier}
}

@article{abramsky1996retracing,
  title={{Retracing some paths in process algebra}},
  author={Abramsky, S.},
  journal={CONCUR'96: Concurrency Theory},
  pages={1--17},
  year={1996},
  publisher={Springer}
}

@conference{hasegawa2008finite,
  title={{Finite dimensional vector spaces are complete for traced symmetric monoidal categories}},
  author={Hasegawa, M. and Hofmann, M. and Plotkin, G.},
  booktitle={Pillars of computer science},
  pages={367--385},
  isbn={3540781269},
  year={2008},
  organization={Springer-Verlag}
}

@article{pardo2004synchronous,
  title={{Synchronous Circuits over Continuous Time: Feedback Reliability and Completeness}},
  author={Pardo, D. and Rabinovich, A. and Trakhtenbrot, BA},
  journal={Fundamenta Informaticae},
  volume={62},
  number={1},
  pages={123--137},
  issn={0169-2968},
  year={2004},
  publisher={IOS Press}
}
