@misc{liquidsoap,
  Author = {David Baelde and Romain Beauxis and Stephane Gimenez and Samuel Mimram and Vincent Tabard and al.},
  Title = {Liquidsoap},
  howpublished = {\url{http://en.wikipedia.org/wiki/Liquidsoap}} 
}

@misc{savonet,
  Author = {David Baelde and Romain Beauxis and Stephane Gimenez and Samuel Mimram and Vincent Tabard and al.},
  Title = {Savonet},
  howpublished = {\url{http://savonet.sf.net/}}
}


